%YAML 1.1
%TAG !u! tag:unity3d.com,2011:
--- !u!29 &1
OcclusionCullingSettings:
  m_ObjectHideFlags: 0
  serializedVersion: 2
  m_OcclusionBakeSettings:
    smallestOccluder: 5
    smallestHole: 0.25
    backfaceThreshold: 100
  m_SceneGUID: 00000000000000000000000000000000
  m_OcclusionCullingData: {fileID: 0}
--- !u!104 &2
RenderSettings:
  m_ObjectHideFlags: 0
  serializedVersion: 9
  m_Fog: 0
  m_FogColor: {r: 0.5, g: 0.5, b: 0.5, a: 1}
  m_FogMode: 3
  m_FogDensity: 0.01
  m_LinearFogStart: 0
  m_LinearFogEnd: 300
  m_AmbientSkyColor: {r: 0.212, g: 0.227, b: 0.259, a: 1}
  m_AmbientEquatorColor: {r: 0.114, g: 0.125, b: 0.133, a: 1}
  m_AmbientGroundColor: {r: 0.047, g: 0.043, b: 0.035, a: 1}
  m_AmbientIntensity: 1
  m_AmbientMode: 0
  m_SubtractiveShadowColor: {r: 0.42, g: 0.478, b: 0.627, a: 1}
  m_SkyboxMaterial: {fileID: 10304, guid: 0000000000000000f000000000000000, type: 0}
  m_HaloStrength: 0.5
  m_FlareStrength: 1
  m_FlareFadeSpeed: 3
  m_HaloTexture: {fileID: 0}
  m_SpotCookie: {fileID: 10001, guid: 0000000000000000e000000000000000, type: 0}
  m_DefaultReflectionMode: 0
  m_DefaultReflectionResolution: 128
  m_ReflectionBounces: 1
  m_ReflectionIntensity: 1
  m_CustomReflection: {fileID: 0}
  m_Sun: {fileID: 0}
  m_IndirectSpecularColor: {r: 0.44657898, g: 0.4964133, b: 0.5748178, a: 1}
  m_UseRadianceAmbientProbe: 0
--- !u!157 &3
LightmapSettings:
  m_ObjectHideFlags: 0
  serializedVersion: 11
  m_GIWorkflowMode: 0
  m_GISettings:
    serializedVersion: 2
    m_BounceScale: 1
    m_IndirectOutputScale: 1
    m_AlbedoBoost: 1
    m_TemporalCoherenceThreshold: 1
    m_EnvironmentLightingMode: 0
    m_EnableBakedLightmaps: 1
    m_EnableRealtimeLightmaps: 0
  m_LightmapEditorSettings:
    serializedVersion: 10
    m_Resolution: 2
    m_BakeResolution: 10
    m_AtlasSize: 512
    m_AO: 0
    m_AOMaxDistance: 1
    m_CompAOExponent: 1
    m_CompAOExponentDirect: 0
    m_Padding: 2
    m_LightmapParameters: {fileID: 0}
    m_LightmapsBakeMode: 1
    m_TextureCompression: 1
    m_FinalGather: 0
    m_FinalGatherFiltering: 1
    m_FinalGatherRayCount: 256
    m_ReflectionCompression: 2
    m_MixedBakeMode: 2
    m_BakeBackend: 1
    m_PVRSampling: 1
    m_PVRDirectSampleCount: 32
    m_PVRSampleCount: 256
    m_PVRBounces: 2
    m_PVRFilterTypeDirect: 0
    m_PVRFilterTypeIndirect: 0
    m_PVRFilterTypeAO: 0
    m_PVRFilteringMode: 1
    m_PVRCulling: 1
    m_PVRFilteringGaussRadiusDirect: 1
    m_PVRFilteringGaussRadiusIndirect: 5
    m_PVRFilteringGaussRadiusAO: 2
    m_PVRFilteringAtrousPositionSigmaDirect: 0.5
    m_PVRFilteringAtrousPositionSigmaIndirect: 2
    m_PVRFilteringAtrousPositionSigmaAO: 1
    m_ShowResolutionOverlay: 1
  m_LightingDataAsset: {fileID: 0}
  m_UseShadowmask: 1
--- !u!196 &4
NavMeshSettings:
  serializedVersion: 2
  m_ObjectHideFlags: 0
  m_BuildSettings:
    serializedVersion: 2
    agentTypeID: 0
    agentRadius: 0.5
    agentHeight: 2
    agentSlope: 45
    agentClimb: 0.4
    ledgeDropHeight: 0
    maxJumpAcrossDistance: 0
    minRegionArea: 2
    manualCellSize: 0
    cellSize: 0.16666667
    manualTileSize: 0
    tileSize: 256
    accuratePlacement: 0
    debug:
      m_Flags: 0
  m_NavMeshData: {fileID: 0}
--- !u!1001 &13540372
Prefab:
  m_ObjectHideFlags: 0
  serializedVersion: 2
  m_Modification:
    m_TransformParent: {fileID: 1465850726}
    m_Modifications:
    - target: {fileID: 4170373988287366, guid: 51704e9bf18387e4196827b3b8217274, type: 2}
      propertyPath: m_LocalPosition.x
      value: 5.88
      objectReference: {fileID: 0}
    - target: {fileID: 4170373988287366, guid: 51704e9bf18387e4196827b3b8217274, type: 2}
      propertyPath: m_LocalPosition.y
      value: -0.05416594
      objectReference: {fileID: 0}
    - target: {fileID: 4170373988287366, guid: 51704e9bf18387e4196827b3b8217274, type: 2}
      propertyPath: m_LocalPosition.z
      value: -13.56
      objectReference: {fileID: 0}
    - target: {fileID: 4170373988287366, guid: 51704e9bf18387e4196827b3b8217274, type: 2}
      propertyPath: m_LocalRotation.x
      value: -0
      objectReference: {fileID: 0}
    - target: {fileID: 4170373988287366, guid: 51704e9bf18387e4196827b3b8217274, type: 2}
      propertyPath: m_LocalRotation.y
      value: -0
      objectReference: {fileID: 0}
    - target: {fileID: 4170373988287366, guid: 51704e9bf18387e4196827b3b8217274, type: 2}
      propertyPath: m_LocalRotation.z
      value: -0
      objectReference: {fileID: 0}
    - target: {fileID: 4170373988287366, guid: 51704e9bf18387e4196827b3b8217274, type: 2}
      propertyPath: m_LocalRotation.w
      value: 1
      objectReference: {fileID: 0}
    - target: {fileID: 4170373988287366, guid: 51704e9bf18387e4196827b3b8217274, type: 2}
      propertyPath: m_RootOrder
      value: 4
      objectReference: {fileID: 0}
    - target: {fileID: 4170373988287366, guid: 51704e9bf18387e4196827b3b8217274, type: 2}
      propertyPath: m_LocalScale.x
      value: 0.9543807
      objectReference: {fileID: 0}
    - target: {fileID: 4170373988287366, guid: 51704e9bf18387e4196827b3b8217274, type: 2}
      propertyPath: m_LocalScale.y
      value: 0.9543807
      objectReference: {fileID: 0}
    - target: {fileID: 4170373988287366, guid: 51704e9bf18387e4196827b3b8217274, type: 2}
      propertyPath: m_LocalScale.z
      value: 0.9543807
      objectReference: {fileID: 0}
    - target: {fileID: 1836689436543388, guid: 51704e9bf18387e4196827b3b8217274, type: 2}
      propertyPath: m_Name
      value: PretendCover (4)
      objectReference: {fileID: 0}
    m_RemovedComponents: []
  m_ParentPrefab: {fileID: 100100000, guid: 51704e9bf18387e4196827b3b8217274, type: 2}
  m_IsPrefabParent: 0
--- !u!4 &128147652 stripped
Transform:
  m_PrefabParentObject: {fileID: 4170373988287366, guid: 51704e9bf18387e4196827b3b8217274,
    type: 2}
  m_PrefabInternal: {fileID: 177264037}
--- !u!114 &128147653 stripped
MonoBehaviour:
  m_PrefabParentObject: {fileID: 114029378553386774, guid: 51704e9bf18387e4196827b3b8217274,
    type: 2}
  m_PrefabInternal: {fileID: 177264037}
  m_Script: {fileID: 11500000, guid: 879e350fd9047584da43887b848addbf, type: 3}
--- !u!114 &130145751 stripped
MonoBehaviour:
  m_PrefabParentObject: {fileID: 114029378553386774, guid: 51704e9bf18387e4196827b3b8217274,
    type: 2}
  m_PrefabInternal: {fileID: 13540372}
  m_Script: {fileID: 11500000, guid: 879e350fd9047584da43887b848addbf, type: 3}
--- !u!4 &130145756 stripped
Transform:
  m_PrefabParentObject: {fileID: 4170373988287366, guid: 51704e9bf18387e4196827b3b8217274,
    type: 2}
  m_PrefabInternal: {fileID: 13540372}
--- !u!1 &170076733
GameObject:
  m_ObjectHideFlags: 0
  m_PrefabParentObject: {fileID: 0}
  m_PrefabInternal: {fileID: 0}
  serializedVersion: 5
  m_Component:
  - component: {fileID: 170076735}
  - component: {fileID: 170076734}
  m_Layer: 0
  m_Name: Directional Light
  m_TagString: Untagged
  m_Icon: {fileID: 0}
  m_NavMeshLayer: 0
  m_StaticEditorFlags: 0
  m_IsActive: 1
--- !u!108 &170076734
Light:
  m_ObjectHideFlags: 0
  m_PrefabParentObject: {fileID: 0}
  m_PrefabInternal: {fileID: 0}
  m_GameObject: {fileID: 170076733}
  m_Enabled: 1
  serializedVersion: 8
  m_Type: 1
  m_Color: {r: 1, g: 0.95686275, b: 0.8392157, a: 1}
  m_Intensity: 1
  m_Range: 10
  m_SpotAngle: 30
  m_CookieSize: 10
  m_Shadows:
    m_Type: 2
    m_Resolution: -1
    m_CustomResolution: -1
    m_Strength: 1
    m_Bias: 0.05
    m_NormalBias: 0.4
    m_NearPlane: 0.2
  m_Cookie: {fileID: 0}
  m_DrawHalo: 0
  m_Flare: {fileID: 0}
  m_RenderMode: 0
  m_CullingMask:
    serializedVersion: 2
    m_Bits: 4294967295
  m_Lightmapping: 1
  m_AreaSize: {x: 1, y: 1}
  m_BounceIntensity: 1
  m_ColorTemperature: 6570
  m_UseColorTemperature: 0
  m_ShadowRadius: 0
  m_ShadowAngle: 0
--- !u!4 &170076735
Transform:
  m_ObjectHideFlags: 0
  m_PrefabParentObject: {fileID: 0}
  m_PrefabInternal: {fileID: 0}
  m_GameObject: {fileID: 170076733}
  m_LocalRotation: {x: 0.40821788, y: -0.23456968, z: 0.10938163, w: 0.8754261}
  m_LocalPosition: {x: 0, y: 3, z: 0}
  m_LocalScale: {x: 1, y: 1, z: 1}
  m_Children: []
  m_Father: {fileID: 0}
  m_RootOrder: 0
  m_LocalEulerAnglesHint: {x: 50, y: -30, z: 0}
--- !u!1001 &177264037
Prefab:
  m_ObjectHideFlags: 0
  serializedVersion: 2
  m_Modification:
    m_TransformParent: {fileID: 1465850726}
    m_Modifications:
    - target: {fileID: 4170373988287366, guid: 51704e9bf18387e4196827b3b8217274, type: 2}
      propertyPath: m_LocalPosition.x
      value: -1.93
      objectReference: {fileID: 0}
    - target: {fileID: 4170373988287366, guid: 51704e9bf18387e4196827b3b8217274, type: 2}
      propertyPath: m_LocalPosition.y
      value: -0.054165978
      objectReference: {fileID: 0}
    - target: {fileID: 4170373988287366, guid: 51704e9bf18387e4196827b3b8217274, type: 2}
      propertyPath: m_LocalPosition.z
      value: -9.24
      objectReference: {fileID: 0}
    - target: {fileID: 4170373988287366, guid: 51704e9bf18387e4196827b3b8217274, type: 2}
      propertyPath: m_LocalRotation.x
      value: -0
      objectReference: {fileID: 0}
    - target: {fileID: 4170373988287366, guid: 51704e9bf18387e4196827b3b8217274, type: 2}
      propertyPath: m_LocalRotation.y
      value: -0
      objectReference: {fileID: 0}
    - target: {fileID: 4170373988287366, guid: 51704e9bf18387e4196827b3b8217274, type: 2}
      propertyPath: m_LocalRotation.z
      value: -0
      objectReference: {fileID: 0}
    - target: {fileID: 4170373988287366, guid: 51704e9bf18387e4196827b3b8217274, type: 2}
      propertyPath: m_LocalRotation.w
      value: 1
      objectReference: {fileID: 0}
    - target: {fileID: 4170373988287366, guid: 51704e9bf18387e4196827b3b8217274, type: 2}
      propertyPath: m_RootOrder
      value: 0
      objectReference: {fileID: 0}
    - target: {fileID: 4170373988287366, guid: 51704e9bf18387e4196827b3b8217274, type: 2}
      propertyPath: m_LocalScale.x
      value: 0.9543812
      objectReference: {fileID: 0}
    - target: {fileID: 4170373988287366, guid: 51704e9bf18387e4196827b3b8217274, type: 2}
      propertyPath: m_LocalScale.y
      value: 0.95438135
      objectReference: {fileID: 0}
    - target: {fileID: 4170373988287366, guid: 51704e9bf18387e4196827b3b8217274, type: 2}
      propertyPath: m_LocalScale.z
      value: 0.95438135
      objectReference: {fileID: 0}
    m_RemovedComponents: []
  m_ParentPrefab: {fileID: 100100000, guid: 51704e9bf18387e4196827b3b8217274, type: 2}
  m_IsPrefabParent: 0
--- !u!4 &185770490 stripped
Transform:
  m_PrefabParentObject: {fileID: 4170373988287366, guid: 51704e9bf18387e4196827b3b8217274,
    type: 2}
  m_PrefabInternal: {fileID: 665002815}
--- !u!1 &201188568
GameObject:
  m_ObjectHideFlags: 0
  m_PrefabParentObject: {fileID: 0}
  m_PrefabInternal: {fileID: 0}
  serializedVersion: 5
  m_Component:
  - component: {fileID: 201188569}
  m_Layer: 0
  m_Name: Room
  m_TagString: Level
  m_Icon: {fileID: 0}
  m_NavMeshLayer: 0
  m_StaticEditorFlags: 0
  m_IsActive: 1
--- !u!4 &201188569
Transform:
  m_ObjectHideFlags: 0
  m_PrefabParentObject: {fileID: 0}
  m_PrefabInternal: {fileID: 0}
  m_GameObject: {fileID: 201188568}
  m_LocalRotation: {x: 0, y: 0, z: 0, w: 1}
  m_LocalPosition: {x: 71.26, y: 13.74, z: 135.39}
  m_LocalScale: {x: 1, y: 1, z: 1}
  m_Children:
  - {fileID: 1937078525}
  - {fileID: 1728184227}
  - {fileID: 1980449213}
  - {fileID: 550344842}
  - {fileID: 433074117}
  - {fileID: 444118773}
  - {fileID: 307546145}
  - {fileID: 610511080}
  - {fileID: 1465850726}
  m_Father: {fileID: 0}
  m_RootOrder: 9
  m_LocalEulerAnglesHint: {x: 0, y: 0, z: 0}
--- !u!1001 &289659014
Prefab:
  m_ObjectHideFlags: 0
  serializedVersion: 2
  m_Modification:
    m_TransformParent: {fileID: 0}
    m_Modifications:
    - target: {fileID: 4835587554666544, guid: b95ad591f8349844a90e4a467bf47474, type: 2}
      propertyPath: m_LocalPosition.x
      value: 105.09876
      objectReference: {fileID: 0}
    - target: {fileID: 4835587554666544, guid: b95ad591f8349844a90e4a467bf47474, type: 2}
      propertyPath: m_LocalPosition.y
      value: 1.31
      objectReference: {fileID: 0}
    - target: {fileID: 4835587554666544, guid: b95ad591f8349844a90e4a467bf47474, type: 2}
      propertyPath: m_LocalPosition.z
      value: 108.13
      objectReference: {fileID: 0}
    - target: {fileID: 4835587554666544, guid: b95ad591f8349844a90e4a467bf47474, type: 2}
      propertyPath: m_LocalRotation.x
      value: 0
      objectReference: {fileID: 0}
    - target: {fileID: 4835587554666544, guid: b95ad591f8349844a90e4a467bf47474, type: 2}
      propertyPath: m_LocalRotation.y
      value: 0
      objectReference: {fileID: 0}
    - target: {fileID: 4835587554666544, guid: b95ad591f8349844a90e4a467bf47474, type: 2}
      propertyPath: m_LocalRotation.z
      value: 0
      objectReference: {fileID: 0}
    - target: {fileID: 4835587554666544, guid: b95ad591f8349844a90e4a467bf47474, type: 2}
      propertyPath: m_LocalRotation.w
      value: 1
      objectReference: {fileID: 0}
    - target: {fileID: 4835587554666544, guid: b95ad591f8349844a90e4a467bf47474, type: 2}
      propertyPath: m_RootOrder
      value: 8
      objectReference: {fileID: 0}
    - target: {fileID: 1442566697406930, guid: b95ad591f8349844a90e4a467bf47474, type: 2}
      propertyPath: m_Name
      value: Enemy (4)
      objectReference: {fileID: 0}
    - target: {fileID: 114251408549922892, guid: b95ad591f8349844a90e4a467bf47474,
        type: 2}
      propertyPath: _MoveToCover
      value: 1
      objectReference: {fileID: 0}
    - target: {fileID: 114251408549922892, guid: b95ad591f8349844a90e4a467bf47474,
        type: 2}
      propertyPath: _DisFromCover
      value: 3.5
      objectReference: {fileID: 0}
    - target: {fileID: 114251408549922892, guid: b95ad591f8349844a90e4a467bf47474,
        type: 2}
      propertyPath: _MovementVelocity
      value: 6
      objectReference: {fileID: 0}
    - target: {fileID: 114251408549922892, guid: b95ad591f8349844a90e4a467bf47474,
        type: 2}
      propertyPath: _MoveToSpecificCover
      value: 0
      objectReference: {fileID: 0}
    - target: {fileID: 114251408549922892, guid: b95ad591f8349844a90e4a467bf47474,
        type: 2}
      propertyPath: _MoveToNearestCover
      value: 1
      objectReference: {fileID: 0}
    - target: {fileID: 114251408549922892, guid: b95ad591f8349844a90e4a467bf47474,
        type: 2}
      propertyPath: _HideBehindCover
      value: 0
      objectReference: {fileID: 0}
    - target: {fileID: 114251408549922892, guid: b95ad591f8349844a90e4a467bf47474,
        type: 2}
      propertyPath: _MovementBehaviour
      value: 0
      objectReference: {fileID: 0}
    - target: {fileID: 114251408549922892, guid: b95ad591f8349844a90e4a467bf47474,
        type: 2}
      propertyPath: _CoverToMoveTo
      value: 
      objectReference: {fileID: 130145751}
    - target: {fileID: 114351719514087036, guid: b95ad591f8349844a90e4a467bf47474,
        type: 2}
      propertyPath: _MovementBehaviour
      value: 2
      objectReference: {fileID: 0}
    - target: {fileID: 114351719514087036, guid: b95ad591f8349844a90e4a467bf47474,
        type: 2}
      propertyPath: _CoverToMoveTo
      value: 
      objectReference: {fileID: 1663104251}
    m_RemovedComponents: []
  m_ParentPrefab: {fileID: 100100000, guid: b95ad591f8349844a90e4a467bf47474, type: 2}
  m_IsPrefabParent: 0
--- !u!1 &307546144
GameObject:
  m_ObjectHideFlags: 0
  m_PrefabParentObject: {fileID: 0}
  m_PrefabInternal: {fileID: 0}
  serializedVersion: 5
  m_Component:
  - component: {fileID: 307546145}
  - component: {fileID: 307546148}
  - component: {fileID: 307546147}
  - component: {fileID: 307546146}
  - component: {fileID: 307546149}
  m_Layer: 0
  m_Name: Cube (7)
  m_TagString: Untagged
  m_Icon: {fileID: 0}
  m_NavMeshLayer: 0
  m_StaticEditorFlags: 0
  m_IsActive: 1
--- !u!4 &307546145
Transform:
  m_ObjectHideFlags: 0
  m_PrefabParentObject: {fileID: 0}
  m_PrefabInternal: {fileID: 0}
  m_GameObject: {fileID: 307546144}
  m_LocalRotation: {x: -0, y: 0.7071068, z: -0, w: 0.7071068}
  m_LocalPosition: {x: -9.560001, y: -10.9296665, z: -12.4599}
  m_LocalScale: {x: 1.0000005, y: 5.06994, z: 7.8551335}
  m_Children: []
  m_Father: {fileID: 201188569}
  m_RootOrder: 6
  m_LocalEulerAnglesHint: {x: 0, y: 90, z: 0}
--- !u!65 &307546146
BoxCollider:
  m_ObjectHideFlags: 0
  m_PrefabParentObject: {fileID: 0}
  m_PrefabInternal: {fileID: 0}
  m_GameObject: {fileID: 307546144}
  m_Material: {fileID: 0}
  m_IsTrigger: 0
  m_Enabled: 1
  serializedVersion: 2
  m_Size: {x: 1, y: 1, z: 1}
  m_Center: {x: 0, y: 0, z: 0}
--- !u!23 &307546147
MeshRenderer:
  m_ObjectHideFlags: 0
  m_PrefabParentObject: {fileID: 0}
  m_PrefabInternal: {fileID: 0}
  m_GameObject: {fileID: 307546144}
  m_Enabled: 1
  m_CastShadows: 1
  m_ReceiveShadows: 1
  m_DynamicOccludee: 1
  m_MotionVectors: 1
  m_LightProbeUsage: 1
  m_ReflectionProbeUsage: 1
  m_RenderingLayerMask: 4294967295
  m_Materials:
  - {fileID: 10303, guid: 0000000000000000f000000000000000, type: 0}
  m_StaticBatchInfo:
    firstSubMesh: 0
    subMeshCount: 0
  m_StaticBatchRoot: {fileID: 0}
  m_ProbeAnchor: {fileID: 0}
  m_LightProbeVolumeOverride: {fileID: 0}
  m_ScaleInLightmap: 1
  m_PreserveUVs: 0
  m_IgnoreNormalsForChartDetection: 0
  m_ImportantGI: 0
  m_StitchLightmapSeams: 0
  m_SelectedEditorRenderState: 3
  m_MinimumChartSize: 4
  m_AutoUVMaxDistance: 0.5
  m_AutoUVMaxAngle: 89
  m_LightmapParameters: {fileID: 0}
  m_SortingLayerID: 0
  m_SortingLayer: 0
  m_SortingOrder: 0
--- !u!33 &307546148
MeshFilter:
  m_ObjectHideFlags: 0
  m_PrefabParentObject: {fileID: 0}
  m_PrefabInternal: {fileID: 0}
  m_GameObject: {fileID: 307546144}
  m_Mesh: {fileID: 10202, guid: 0000000000000000e000000000000000, type: 0}
--- !u!114 &307546149
MonoBehaviour:
  m_ObjectHideFlags: 0
  m_PrefabParentObject: {fileID: 0}
  m_PrefabInternal: {fileID: 0}
  m_GameObject: {fileID: 307546144}
  m_Enabled: 1
  m_EditorHideFlags: 0
  m_Script: {fileID: 11500000, guid: 879e350fd9047584da43887b848addbf, type: 3}
  m_Name: 
  m_EditorClassIdentifier: 
--- !u!1001 &370726836
Prefab:
  m_ObjectHideFlags: 0
  serializedVersion: 2
  m_Modification:
    m_TransformParent: {fileID: 0}
    m_Modifications:
    - target: {fileID: 4469098014828068, guid: 28ffe9bab5787f74d96d64745736d7e7, type: 2}
      propertyPath: m_LocalPosition.x
      value: 68.71204
      objectReference: {fileID: 0}
    - target: {fileID: 4469098014828068, guid: 28ffe9bab5787f74d96d64745736d7e7, type: 2}
      propertyPath: m_LocalPosition.y
      value: 1.6367579
      objectReference: {fileID: 0}
    - target: {fileID: 4469098014828068, guid: 28ffe9bab5787f74d96d64745736d7e7, type: 2}
      propertyPath: m_LocalPosition.z
      value: 53.242516
      objectReference: {fileID: 0}
    - target: {fileID: 4469098014828068, guid: 28ffe9bab5787f74d96d64745736d7e7, type: 2}
      propertyPath: m_LocalRotation.x
      value: 0.05749893
      objectReference: {fileID: 0}
    - target: {fileID: 4469098014828068, guid: 28ffe9bab5787f74d96d64745736d7e7, type: 2}
      propertyPath: m_LocalRotation.y
      value: 0.14977477
      objectReference: {fileID: 0}
    - target: {fileID: 4469098014828068, guid: 28ffe9bab5787f74d96d64745736d7e7, type: 2}
      propertyPath: m_LocalRotation.z
      value: 0.008725103
      objectReference: {fileID: 0}
    - target: {fileID: 4469098014828068, guid: 28ffe9bab5787f74d96d64745736d7e7, type: 2}
      propertyPath: m_LocalRotation.w
      value: -0.9870083
      objectReference: {fileID: 0}
    - target: {fileID: 4469098014828068, guid: 28ffe9bab5787f74d96d64745736d7e7, type: 2}
      propertyPath: m_RootOrder
      value: 5
      objectReference: {fileID: 0}
    m_RemovedComponents: []
  m_ParentPrefab: {fileID: 100100000, guid: 28ffe9bab5787f74d96d64745736d7e7, type: 2}
  m_IsPrefabParent: 0
--- !u!1 &433074116
GameObject:
  m_ObjectHideFlags: 0
  m_PrefabParentObject: {fileID: 0}
  m_PrefabInternal: {fileID: 0}
  serializedVersion: 5
  m_Component:
  - component: {fileID: 433074117}
  - component: {fileID: 433074120}
  - component: {fileID: 433074119}
  - component: {fileID: 433074118}
  - component: {fileID: 433074121}
  m_Layer: 0
  m_Name: Cube (5)
  m_TagString: Untagged
  m_Icon: {fileID: 0}
  m_NavMeshLayer: 0
  m_StaticEditorFlags: 0
  m_IsActive: 1
--- !u!4 &433074117
Transform:
  m_ObjectHideFlags: 0
  m_PrefabParentObject: {fileID: 0}
  m_PrefabInternal: {fileID: 0}
  m_GameObject: {fileID: 433074116}
  m_LocalRotation: {x: -0, y: -0, z: -0, w: 1}
  m_LocalPosition: {x: 12.5791855, y: -10.9296665, z: -35.99}
  m_LocalScale: {x: 1, y: 5.06994, z: 5.0641766}
  m_Children: []
  m_Father: {fileID: 201188569}
  m_RootOrder: 4
  m_LocalEulerAnglesHint: {x: 0, y: 0, z: 0}
--- !u!65 &433074118
BoxCollider:
  m_ObjectHideFlags: 0
  m_PrefabParentObject: {fileID: 0}
  m_PrefabInternal: {fileID: 0}
  m_GameObject: {fileID: 433074116}
  m_Material: {fileID: 0}
  m_IsTrigger: 0
  m_Enabled: 1
  serializedVersion: 2
  m_Size: {x: 1, y: 1, z: 1}
  m_Center: {x: 0, y: 0, z: 0}
--- !u!23 &433074119
MeshRenderer:
  m_ObjectHideFlags: 0
  m_PrefabParentObject: {fileID: 0}
  m_PrefabInternal: {fileID: 0}
  m_GameObject: {fileID: 433074116}
  m_Enabled: 1
  m_CastShadows: 1
  m_ReceiveShadows: 1
  m_DynamicOccludee: 1
  m_MotionVectors: 1
  m_LightProbeUsage: 1
  m_ReflectionProbeUsage: 1
  m_RenderingLayerMask: 4294967295
  m_Materials:
  - {fileID: 10303, guid: 0000000000000000f000000000000000, type: 0}
  m_StaticBatchInfo:
    firstSubMesh: 0
    subMeshCount: 0
  m_StaticBatchRoot: {fileID: 0}
  m_ProbeAnchor: {fileID: 0}
  m_LightProbeVolumeOverride: {fileID: 0}
  m_ScaleInLightmap: 1
  m_PreserveUVs: 0
  m_IgnoreNormalsForChartDetection: 0
  m_ImportantGI: 0
  m_StitchLightmapSeams: 0
  m_SelectedEditorRenderState: 3
  m_MinimumChartSize: 4
  m_AutoUVMaxDistance: 0.5
  m_AutoUVMaxAngle: 89
  m_LightmapParameters: {fileID: 0}
  m_SortingLayerID: 0
  m_SortingLayer: 0
  m_SortingOrder: 0
--- !u!33 &433074120
MeshFilter:
  m_ObjectHideFlags: 0
  m_PrefabParentObject: {fileID: 0}
  m_PrefabInternal: {fileID: 0}
  m_GameObject: {fileID: 433074116}
  m_Mesh: {fileID: 10202, guid: 0000000000000000e000000000000000, type: 0}
--- !u!114 &433074121
MonoBehaviour:
  m_ObjectHideFlags: 0
  m_PrefabParentObject: {fileID: 0}
  m_PrefabInternal: {fileID: 0}
  m_GameObject: {fileID: 433074116}
  m_Enabled: 1
  m_EditorHideFlags: 0
  m_Script: {fileID: 11500000, guid: 879e350fd9047584da43887b848addbf, type: 3}
  m_Name: 
  m_EditorClassIdentifier: 
--- !u!1 &444118772
GameObject:
  m_ObjectHideFlags: 0
  m_PrefabParentObject: {fileID: 0}
  m_PrefabInternal: {fileID: 0}
  serializedVersion: 5
  m_Component:
  - component: {fileID: 444118773}
  - component: {fileID: 444118776}
  - component: {fileID: 444118775}
  - component: {fileID: 444118774}
  - component: {fileID: 444118777}
  m_Layer: 0
  m_Name: Cube (6)
  m_TagString: Untagged
  m_Icon: {fileID: 0}
  m_NavMeshLayer: 0
  m_StaticEditorFlags: 0
  m_IsActive: 1
--- !u!4 &444118773
Transform:
  m_ObjectHideFlags: 0
  m_PrefabParentObject: {fileID: 0}
  m_PrefabInternal: {fileID: 0}
  m_GameObject: {fileID: 444118772}
  m_LocalRotation: {x: -0, y: 0.7071068, z: -0, w: 0.7071068}
  m_LocalPosition: {x: 3.59, y: -10.9296665, z: -12.4599}
  m_LocalScale: {x: 1.0000005, y: 5.06994, z: 7.855132}
  m_Children: []
  m_Father: {fileID: 201188569}
  m_RootOrder: 5
  m_LocalEulerAnglesHint: {x: 0, y: 90, z: 0}
--- !u!65 &444118774
BoxCollider:
  m_ObjectHideFlags: 0
  m_PrefabParentObject: {fileID: 0}
  m_PrefabInternal: {fileID: 0}
  m_GameObject: {fileID: 444118772}
  m_Material: {fileID: 0}
  m_IsTrigger: 0
  m_Enabled: 1
  serializedVersion: 2
  m_Size: {x: 1, y: 1, z: 1}
  m_Center: {x: 0, y: 0, z: 0}
--- !u!23 &444118775
MeshRenderer:
  m_ObjectHideFlags: 0
  m_PrefabParentObject: {fileID: 0}
  m_PrefabInternal: {fileID: 0}
  m_GameObject: {fileID: 444118772}
  m_Enabled: 1
  m_CastShadows: 1
  m_ReceiveShadows: 1
  m_DynamicOccludee: 1
  m_MotionVectors: 1
  m_LightProbeUsage: 1
  m_ReflectionProbeUsage: 1
  m_RenderingLayerMask: 4294967295
  m_Materials:
  - {fileID: 10303, guid: 0000000000000000f000000000000000, type: 0}
  m_StaticBatchInfo:
    firstSubMesh: 0
    subMeshCount: 0
  m_StaticBatchRoot: {fileID: 0}
  m_ProbeAnchor: {fileID: 0}
  m_LightProbeVolumeOverride: {fileID: 0}
  m_ScaleInLightmap: 1
  m_PreserveUVs: 0
  m_IgnoreNormalsForChartDetection: 0
  m_ImportantGI: 0
  m_StitchLightmapSeams: 0
  m_SelectedEditorRenderState: 3
  m_MinimumChartSize: 4
  m_AutoUVMaxDistance: 0.5
  m_AutoUVMaxAngle: 89
  m_LightmapParameters: {fileID: 0}
  m_SortingLayerID: 0
  m_SortingLayer: 0
  m_SortingOrder: 0
--- !u!33 &444118776
MeshFilter:
  m_ObjectHideFlags: 0
  m_PrefabParentObject: {fileID: 0}
  m_PrefabInternal: {fileID: 0}
  m_GameObject: {fileID: 444118772}
  m_Mesh: {fileID: 10202, guid: 0000000000000000e000000000000000, type: 0}
--- !u!114 &444118777
MonoBehaviour:
  m_ObjectHideFlags: 0
  m_PrefabParentObject: {fileID: 0}
  m_PrefabInternal: {fileID: 0}
  m_GameObject: {fileID: 444118772}
  m_Enabled: 1
  m_EditorHideFlags: 0
  m_Script: {fileID: 11500000, guid: 879e350fd9047584da43887b848addbf, type: 3}
  m_Name: 
  m_EditorClassIdentifier: 
--- !u!1 &550344841
GameObject:
  m_ObjectHideFlags: 0
  m_PrefabParentObject: {fileID: 0}
  m_PrefabInternal: {fileID: 0}
  serializedVersion: 5
  m_Component:
  - component: {fileID: 550344842}
  - component: {fileID: 550344845}
  - component: {fileID: 550344844}
  - component: {fileID: 550344843}
  - component: {fileID: 550344846}
  m_Layer: 0
  m_Name: Cube (4)
  m_TagString: Untagged
  m_Icon: {fileID: 0}
  m_NavMeshLayer: 0
  m_StaticEditorFlags: 0
  m_IsActive: 1
--- !u!4 &550344842
Transform:
  m_ObjectHideFlags: 0
  m_PrefabParentObject: {fileID: 0}
  m_PrefabInternal: {fileID: 0}
  m_GameObject: {fileID: 550344841}
  m_LocalRotation: {x: -0, y: 0.7071068, z: -0, w: 0.7071068}
  m_LocalPosition: {x: 4.7, y: -10.9296665, z: -38.809906}
  m_LocalScale: {x: 1.0000005, y: 5.06994, z: 15.116551}
  m_Children: []
  m_Father: {fileID: 201188569}
  m_RootOrder: 3
  m_LocalEulerAnglesHint: {x: 0, y: 90, z: 0}
--- !u!65 &550344843
BoxCollider:
  m_ObjectHideFlags: 0
  m_PrefabParentObject: {fileID: 0}
  m_PrefabInternal: {fileID: 0}
  m_GameObject: {fileID: 550344841}
  m_Material: {fileID: 0}
  m_IsTrigger: 0
  m_Enabled: 1
  serializedVersion: 2
  m_Size: {x: 1, y: 1, z: 1}
  m_Center: {x: 0, y: 0, z: 0}
--- !u!23 &550344844
MeshRenderer:
  m_ObjectHideFlags: 0
  m_PrefabParentObject: {fileID: 0}
  m_PrefabInternal: {fileID: 0}
  m_GameObject: {fileID: 550344841}
  m_Enabled: 1
  m_CastShadows: 1
  m_ReceiveShadows: 1
  m_DynamicOccludee: 1
  m_MotionVectors: 1
  m_LightProbeUsage: 1
  m_ReflectionProbeUsage: 1
  m_RenderingLayerMask: 4294967295
  m_Materials:
  - {fileID: 10303, guid: 0000000000000000f000000000000000, type: 0}
  m_StaticBatchInfo:
    firstSubMesh: 0
    subMeshCount: 0
  m_StaticBatchRoot: {fileID: 0}
  m_ProbeAnchor: {fileID: 0}
  m_LightProbeVolumeOverride: {fileID: 0}
  m_ScaleInLightmap: 1
  m_PreserveUVs: 0
  m_IgnoreNormalsForChartDetection: 0
  m_ImportantGI: 0
  m_StitchLightmapSeams: 0
  m_SelectedEditorRenderState: 3
  m_MinimumChartSize: 4
  m_AutoUVMaxDistance: 0.5
  m_AutoUVMaxAngle: 89
  m_LightmapParameters: {fileID: 0}
  m_SortingLayerID: 0
  m_SortingLayer: 0
  m_SortingOrder: 0
--- !u!33 &550344845
MeshFilter:
  m_ObjectHideFlags: 0
  m_PrefabParentObject: {fileID: 0}
  m_PrefabInternal: {fileID: 0}
  m_GameObject: {fileID: 550344841}
  m_Mesh: {fileID: 10202, guid: 0000000000000000e000000000000000, type: 0}
--- !u!114 &550344846
MonoBehaviour:
  m_ObjectHideFlags: 0
  m_PrefabParentObject: {fileID: 0}
  m_PrefabInternal: {fileID: 0}
  m_GameObject: {fileID: 550344841}
  m_Enabled: 1
  m_EditorHideFlags: 0
  m_Script: {fileID: 11500000, guid: 879e350fd9047584da43887b848addbf, type: 3}
  m_Name: 
  m_EditorClassIdentifier: 
--- !u!1 &610511079
GameObject:
  m_ObjectHideFlags: 0
  m_PrefabParentObject: {fileID: 0}
  m_PrefabInternal: {fileID: 0}
  serializedVersion: 5
  m_Component:
  - component: {fileID: 610511080}
  m_Layer: 0
  m_Name: ObjectsInRoom
  m_TagString: Untagged
  m_Icon: {fileID: 0}
  m_NavMeshLayer: 0
  m_StaticEditorFlags: 0
  m_IsActive: 1
--- !u!4 &610511080
Transform:
  m_ObjectHideFlags: 0
  m_PrefabParentObject: {fileID: 0}
  m_PrefabInternal: {fileID: 0}
  m_GameObject: {fileID: 610511079}
  m_LocalRotation: {x: -0, y: -0, z: -0, w: 1}
  m_LocalPosition: {x: 0.6900635, y: -11.86, z: -23.078674}
  m_LocalScale: {x: 2.0955987, y: 2.0955985, z: 2.0955985}
  m_Children:
  - {fileID: 976972729}
  - {fileID: 1575968971}
  - {fileID: 1062336356}
  - {fileID: 1923383570}
  m_Father: {fileID: 201188569}
  m_RootOrder: 7
  m_LocalEulerAnglesHint: {x: 0, y: 0, z: 0}
--- !u!1001 &639991588
Prefab:
  m_ObjectHideFlags: 0
  serializedVersion: 2
  m_Modification:
    m_TransformParent: {fileID: 0}
    m_Modifications:
    - target: {fileID: 4835587554666544, guid: b95ad591f8349844a90e4a467bf47474, type: 2}
      propertyPath: m_LocalPosition.x
      value: 105.09876
      objectReference: {fileID: 0}
    - target: {fileID: 4835587554666544, guid: b95ad591f8349844a90e4a467bf47474, type: 2}
      propertyPath: m_LocalPosition.y
      value: 1.31
      objectReference: {fileID: 0}
    - target: {fileID: 4835587554666544, guid: b95ad591f8349844a90e4a467bf47474, type: 2}
      propertyPath: m_LocalPosition.z
      value: 133.82
      objectReference: {fileID: 0}
    - target: {fileID: 4835587554666544, guid: b95ad591f8349844a90e4a467bf47474, type: 2}
      propertyPath: m_LocalRotation.x
      value: 0
      objectReference: {fileID: 0}
    - target: {fileID: 4835587554666544, guid: b95ad591f8349844a90e4a467bf47474, type: 2}
      propertyPath: m_LocalRotation.y
      value: 0
      objectReference: {fileID: 0}
    - target: {fileID: 4835587554666544, guid: b95ad591f8349844a90e4a467bf47474, type: 2}
      propertyPath: m_LocalRotation.z
      value: 0
      objectReference: {fileID: 0}
    - target: {fileID: 4835587554666544, guid: b95ad591f8349844a90e4a467bf47474, type: 2}
      propertyPath: m_LocalRotation.w
      value: 1
      objectReference: {fileID: 0}
    - target: {fileID: 4835587554666544, guid: b95ad591f8349844a90e4a467bf47474, type: 2}
      propertyPath: m_RootOrder
      value: 3
      objectReference: {fileID: 0}
    - target: {fileID: 1442566697406930, guid: b95ad591f8349844a90e4a467bf47474, type: 2}
      propertyPath: m_Name
      value: Enemy (2)
      objectReference: {fileID: 0}
    - target: {fileID: 114251408549922892, guid: b95ad591f8349844a90e4a467bf47474,
        type: 2}
      propertyPath: _MoveToCover
      value: 1
      objectReference: {fileID: 0}
    - target: {fileID: 114251408549922892, guid: b95ad591f8349844a90e4a467bf47474,
        type: 2}
      propertyPath: _DisFromCover
      value: 3.5
      objectReference: {fileID: 0}
    - target: {fileID: 114251408549922892, guid: b95ad591f8349844a90e4a467bf47474,
        type: 2}
      propertyPath: _MovementVelocity
      value: 6
      objectReference: {fileID: 0}
    - target: {fileID: 114251408549922892, guid: b95ad591f8349844a90e4a467bf47474,
        type: 2}
      propertyPath: _MoveToSpecificCover
      value: 1
      objectReference: {fileID: 0}
    - target: {fileID: 114251408549922892, guid: b95ad591f8349844a90e4a467bf47474,
        type: 2}
      propertyPath: _CoverToMoveTo
      value: 
      objectReference: {fileID: 128147653}
    - target: {fileID: 114251408549922892, guid: b95ad591f8349844a90e4a467bf47474,
        type: 2}
      propertyPath: _MovementBehaviour
      value: 2
      objectReference: {fileID: 0}
    - target: {fileID: 114351719514087036, guid: b95ad591f8349844a90e4a467bf47474,
        type: 2}
      propertyPath: _MovementBehaviour
      value: 2
      objectReference: {fileID: 0}
    - target: {fileID: 114351719514087036, guid: b95ad591f8349844a90e4a467bf47474,
        type: 2}
      propertyPath: _CoverToMoveTo
      value: 
      objectReference: {fileID: 128147653}
    m_RemovedComponents: []
  m_ParentPrefab: {fileID: 100100000, guid: b95ad591f8349844a90e4a467bf47474, type: 2}
  m_IsPrefabParent: 0
--- !u!1001 &665002815
Prefab:
  m_ObjectHideFlags: 0
  serializedVersion: 2
  m_Modification:
    m_TransformParent: {fileID: 1465850726}
    m_Modifications:
    - target: {fileID: 4170373988287366, guid: 51704e9bf18387e4196827b3b8217274, type: 2}
      propertyPath: m_LocalPosition.x
      value: -6.22
      objectReference: {fileID: 0}
    - target: {fileID: 4170373988287366, guid: 51704e9bf18387e4196827b3b8217274, type: 2}
      propertyPath: m_LocalPosition.y
      value: -0.054165978
      objectReference: {fileID: 0}
    - target: {fileID: 4170373988287366, guid: 51704e9bf18387e4196827b3b8217274, type: 2}
      propertyPath: m_LocalPosition.z
      value: -4.7365413
      objectReference: {fileID: 0}
    - target: {fileID: 4170373988287366, guid: 51704e9bf18387e4196827b3b8217274, type: 2}
      propertyPath: m_LocalRotation.x
      value: -0
      objectReference: {fileID: 0}
    - target: {fileID: 4170373988287366, guid: 51704e9bf18387e4196827b3b8217274, type: 2}
      propertyPath: m_LocalRotation.y
      value: -0
      objectReference: {fileID: 0}
    - target: {fileID: 4170373988287366, guid: 51704e9bf18387e4196827b3b8217274, type: 2}
      propertyPath: m_LocalRotation.z
      value: -0
      objectReference: {fileID: 0}
    - target: {fileID: 4170373988287366, guid: 51704e9bf18387e4196827b3b8217274, type: 2}
      propertyPath: m_LocalRotation.w
      value: 1
      objectReference: {fileID: 0}
    - target: {fileID: 4170373988287366, guid: 51704e9bf18387e4196827b3b8217274, type: 2}
      propertyPath: m_RootOrder
      value: 1
      objectReference: {fileID: 0}
    - target: {fileID: 4170373988287366, guid: 51704e9bf18387e4196827b3b8217274, type: 2}
      propertyPath: m_LocalScale.x
      value: 0.9543812
      objectReference: {fileID: 0}
    - target: {fileID: 4170373988287366, guid: 51704e9bf18387e4196827b3b8217274, type: 2}
      propertyPath: m_LocalScale.y
      value: 0.95438135
      objectReference: {fileID: 0}
    - target: {fileID: 4170373988287366, guid: 51704e9bf18387e4196827b3b8217274, type: 2}
      propertyPath: m_LocalScale.z
      value: 0.95438135
      objectReference: {fileID: 0}
    - target: {fileID: 1836689436543388, guid: 51704e9bf18387e4196827b3b8217274, type: 2}
      propertyPath: m_Name
      value: PretendCover (1)
      objectReference: {fileID: 0}
    m_RemovedComponents: []
  m_ParentPrefab: {fileID: 100100000, guid: 51704e9bf18387e4196827b3b8217274, type: 2}
  m_IsPrefabParent: 0
--- !u!1001 &699040352
Prefab:
  m_ObjectHideFlags: 0
  serializedVersion: 2
  m_Modification:
    m_TransformParent: {fileID: 1465850726}
    m_Modifications:
    - target: {fileID: 4170373988287366, guid: 51704e9bf18387e4196827b3b8217274, type: 2}
      propertyPath: m_LocalPosition.x
      value: -1.91
      objectReference: {fileID: 0}
    - target: {fileID: 4170373988287366, guid: 51704e9bf18387e4196827b3b8217274, type: 2}
      propertyPath: m_LocalPosition.y
      value: -0.054165978
      objectReference: {fileID: 0}
    - target: {fileID: 4170373988287366, guid: 51704e9bf18387e4196827b3b8217274, type: 2}
      propertyPath: m_LocalPosition.z
      value: -1.93
      objectReference: {fileID: 0}
    - target: {fileID: 4170373988287366, guid: 51704e9bf18387e4196827b3b8217274, type: 2}
      propertyPath: m_LocalRotation.x
      value: -0
      objectReference: {fileID: 0}
    - target: {fileID: 4170373988287366, guid: 51704e9bf18387e4196827b3b8217274, type: 2}
      propertyPath: m_LocalRotation.y
      value: -0
      objectReference: {fileID: 0}
    - target: {fileID: 4170373988287366, guid: 51704e9bf18387e4196827b3b8217274, type: 2}
      propertyPath: m_LocalRotation.z
      value: -0
      objectReference: {fileID: 0}
    - target: {fileID: 4170373988287366, guid: 51704e9bf18387e4196827b3b8217274, type: 2}
      propertyPath: m_LocalRotation.w
      value: 1
      objectReference: {fileID: 0}
    - target: {fileID: 4170373988287366, guid: 51704e9bf18387e4196827b3b8217274, type: 2}
      propertyPath: m_RootOrder
      value: 3
      objectReference: {fileID: 0}
    - target: {fileID: 4170373988287366, guid: 51704e9bf18387e4196827b3b8217274, type: 2}
      propertyPath: m_LocalScale.x
      value: 0.9543812
      objectReference: {fileID: 0}
    - target: {fileID: 4170373988287366, guid: 51704e9bf18387e4196827b3b8217274, type: 2}
      propertyPath: m_LocalScale.y
      value: 0.95438135
      objectReference: {fileID: 0}
    - target: {fileID: 4170373988287366, guid: 51704e9bf18387e4196827b3b8217274, type: 2}
      propertyPath: m_LocalScale.z
      value: 0.95438135
      objectReference: {fileID: 0}
    - target: {fileID: 1836689436543388, guid: 51704e9bf18387e4196827b3b8217274, type: 2}
      propertyPath: m_Name
      value: PretendCover (3)
      objectReference: {fileID: 0}
    m_RemovedComponents: []
  m_ParentPrefab: {fileID: 100100000, guid: 51704e9bf18387e4196827b3b8217274, type: 2}
  m_IsPrefabParent: 0
--- !u!1001 &746014467
Prefab:
  m_ObjectHideFlags: 0
  serializedVersion: 2
  m_Modification:
    m_TransformParent: {fileID: 0}
    m_Modifications:
    - target: {fileID: 4835587554666544, guid: b95ad591f8349844a90e4a467bf47474, type: 2}
      propertyPath: m_LocalPosition.x
      value: 115.4
      objectReference: {fileID: 0}
    - target: {fileID: 4835587554666544, guid: b95ad591f8349844a90e4a467bf47474, type: 2}
      propertyPath: m_LocalPosition.y
      value: 1.31
      objectReference: {fileID: 0}
    - target: {fileID: 4835587554666544, guid: b95ad591f8349844a90e4a467bf47474, type: 2}
      propertyPath: m_LocalPosition.z
      value: 101.17
      objectReference: {fileID: 0}
    - target: {fileID: 4835587554666544, guid: b95ad591f8349844a90e4a467bf47474, type: 2}
      propertyPath: m_LocalRotation.x
      value: 0
      objectReference: {fileID: 0}
    - target: {fileID: 4835587554666544, guid: b95ad591f8349844a90e4a467bf47474, type: 2}
      propertyPath: m_LocalRotation.y
      value: 0
      objectReference: {fileID: 0}
    - target: {fileID: 4835587554666544, guid: b95ad591f8349844a90e4a467bf47474, type: 2}
      propertyPath: m_LocalRotation.z
      value: 0
      objectReference: {fileID: 0}
    - target: {fileID: 4835587554666544, guid: b95ad591f8349844a90e4a467bf47474, type: 2}
      propertyPath: m_LocalRotation.w
      value: 1
      objectReference: {fileID: 0}
    - target: {fileID: 4835587554666544, guid: b95ad591f8349844a90e4a467bf47474, type: 2}
      propertyPath: m_RootOrder
      value: 11
      objectReference: {fileID: 0}
    - target: {fileID: 1442566697406930, guid: b95ad591f8349844a90e4a467bf47474, type: 2}
      propertyPath: m_Name
      value: Enemy (6)
      objectReference: {fileID: 0}
    - target: {fileID: 114251408549922892, guid: b95ad591f8349844a90e4a467bf47474,
        type: 2}
      propertyPath: _MoveToCover
      value: 1
      objectReference: {fileID: 0}
    - target: {fileID: 114251408549922892, guid: b95ad591f8349844a90e4a467bf47474,
        type: 2}
      propertyPath: _DisFromCover
      value: 3.5
      objectReference: {fileID: 0}
    - target: {fileID: 114251408549922892, guid: b95ad591f8349844a90e4a467bf47474,
        type: 2}
      propertyPath: _MovementVelocity
      value: 6
      objectReference: {fileID: 0}
    - target: {fileID: 114251408549922892, guid: b95ad591f8349844a90e4a467bf47474,
        type: 2}
      propertyPath: _HideBehindCover
      value: 1
      objectReference: {fileID: 0}
    - target: {fileID: 114251408549922892, guid: b95ad591f8349844a90e4a467bf47474,
        type: 2}
      propertyPath: _CoverToMoveTo
      value: 
      objectReference: {fileID: 130145751}
    - target: {fileID: 114251408549922892, guid: b95ad591f8349844a90e4a467bf47474,
        type: 2}
      propertyPath: _MoveToSpecificCover
      value: 1
      objectReference: {fileID: 0}
    - target: {fileID: 114251408549922892, guid: b95ad591f8349844a90e4a467bf47474,
        type: 2}
      propertyPath: _MovementBehaviour
      value: 2
      objectReference: {fileID: 0}
    - target: {fileID: 114351719514087036, guid: b95ad591f8349844a90e4a467bf47474,
        type: 2}
      propertyPath: _MovementBehaviour
      value: 1
      objectReference: {fileID: 0}
    - target: {fileID: 114351719514087036, guid: b95ad591f8349844a90e4a467bf47474,
        type: 2}
      propertyPath: _HideBehindCover
      value: 1
      objectReference: {fileID: 0}
    m_RemovedComponents: []
  m_ParentPrefab: {fileID: 100100000, guid: b95ad591f8349844a90e4a467bf47474, type: 2}
  m_IsPrefabParent: 0
--- !u!4 &899073712 stripped
Transform:
  m_PrefabParentObject: {fileID: 4170373988287366, guid: 51704e9bf18387e4196827b3b8217274,
    type: 2}
  m_PrefabInternal: {fileID: 981409783}
--- !u!1001 &976972728
Prefab:
  m_ObjectHideFlags: 0
  serializedVersion: 2
  m_Modification:
    m_TransformParent: {fileID: 610511080}
    m_Modifications:
    - target: {fileID: 4170373988287366, guid: 51704e9bf18387e4196827b3b8217274, type: 2}
      propertyPath: m_LocalPosition.x
      value: 2.8952289
      objectReference: {fileID: 0}
    - target: {fileID: 4170373988287366, guid: 51704e9bf18387e4196827b3b8217274, type: 2}
      propertyPath: m_LocalPosition.y
      value: -0.054165978
      objectReference: {fileID: 0}
    - target: {fileID: 4170373988287366, guid: 51704e9bf18387e4196827b3b8217274, type: 2}
      propertyPath: m_LocalPosition.z
      value: -2.885
      objectReference: {fileID: 0}
    - target: {fileID: 4170373988287366, guid: 51704e9bf18387e4196827b3b8217274, type: 2}
      propertyPath: m_LocalRotation.x
      value: -0
      objectReference: {fileID: 0}
    - target: {fileID: 4170373988287366, guid: 51704e9bf18387e4196827b3b8217274, type: 2}
      propertyPath: m_LocalRotation.y
      value: -0
      objectReference: {fileID: 0}
    - target: {fileID: 4170373988287366, guid: 51704e9bf18387e4196827b3b8217274, type: 2}
      propertyPath: m_LocalRotation.z
      value: -0
      objectReference: {fileID: 0}
    - target: {fileID: 4170373988287366, guid: 51704e9bf18387e4196827b3b8217274, type: 2}
      propertyPath: m_LocalRotation.w
      value: 1
      objectReference: {fileID: 0}
    - target: {fileID: 4170373988287366, guid: 51704e9bf18387e4196827b3b8217274, type: 2}
      propertyPath: m_RootOrder
      value: 0
      objectReference: {fileID: 0}
    - target: {fileID: 4170373988287366, guid: 51704e9bf18387e4196827b3b8217274, type: 2}
      propertyPath: m_LocalScale.x
      value: 0.9543812
      objectReference: {fileID: 0}
    - target: {fileID: 4170373988287366, guid: 51704e9bf18387e4196827b3b8217274, type: 2}
      propertyPath: m_LocalScale.y
      value: 0.95438135
      objectReference: {fileID: 0}
    - target: {fileID: 4170373988287366, guid: 51704e9bf18387e4196827b3b8217274, type: 2}
      propertyPath: m_LocalScale.z
      value: 0.95438135
      objectReference: {fileID: 0}
    m_RemovedComponents: []
  m_ParentPrefab: {fileID: 100100000, guid: 51704e9bf18387e4196827b3b8217274, type: 2}
  m_IsPrefabParent: 0
--- !u!4 &976972729 stripped
Transform:
  m_PrefabParentObject: {fileID: 4170373988287366, guid: 51704e9bf18387e4196827b3b8217274,
    type: 2}
  m_PrefabInternal: {fileID: 976972728}
--- !u!1001 &981409783
Prefab:
  m_ObjectHideFlags: 0
  serializedVersion: 2
  m_Modification:
    m_TransformParent: {fileID: 1465850726}
    m_Modifications:
    - target: {fileID: 4170373988287366, guid: 51704e9bf18387e4196827b3b8217274, type: 2}
      propertyPath: m_LocalPosition.x
      value: 2.8952289
      objectReference: {fileID: 0}
    - target: {fileID: 4170373988287366, guid: 51704e9bf18387e4196827b3b8217274, type: 2}
      propertyPath: m_LocalPosition.y
      value: -0.054165978
      objectReference: {fileID: 0}
    - target: {fileID: 4170373988287366, guid: 51704e9bf18387e4196827b3b8217274, type: 2}
      propertyPath: m_LocalPosition.z
      value: -6.853
      objectReference: {fileID: 0}
    - target: {fileID: 4170373988287366, guid: 51704e9bf18387e4196827b3b8217274, type: 2}
      propertyPath: m_LocalRotation.x
      value: -0
      objectReference: {fileID: 0}
    - target: {fileID: 4170373988287366, guid: 51704e9bf18387e4196827b3b8217274, type: 2}
      propertyPath: m_LocalRotation.y
      value: -0
      objectReference: {fileID: 0}
    - target: {fileID: 4170373988287366, guid: 51704e9bf18387e4196827b3b8217274, type: 2}
      propertyPath: m_LocalRotation.z
      value: -0
      objectReference: {fileID: 0}
    - target: {fileID: 4170373988287366, guid: 51704e9bf18387e4196827b3b8217274, type: 2}
      propertyPath: m_LocalRotation.w
      value: 1
      objectReference: {fileID: 0}
    - target: {fileID: 4170373988287366, guid: 51704e9bf18387e4196827b3b8217274, type: 2}
      propertyPath: m_RootOrder
      value: 2
      objectReference: {fileID: 0}
    - target: {fileID: 4170373988287366, guid: 51704e9bf18387e4196827b3b8217274, type: 2}
      propertyPath: m_LocalScale.x
      value: 0.9543812
      objectReference: {fileID: 0}
    - target: {fileID: 4170373988287366, guid: 51704e9bf18387e4196827b3b8217274, type: 2}
      propertyPath: m_LocalScale.y
      value: 0.95438135
      objectReference: {fileID: 0}
    - target: {fileID: 4170373988287366, guid: 51704e9bf18387e4196827b3b8217274, type: 2}
      propertyPath: m_LocalScale.z
      value: 0.95438135
      objectReference: {fileID: 0}
    - target: {fileID: 1836689436543388, guid: 51704e9bf18387e4196827b3b8217274, type: 2}
      propertyPath: m_Name
      value: PretendCover (2)
      objectReference: {fileID: 0}
    m_RemovedComponents: []
  m_ParentPrefab: {fileID: 100100000, guid: 51704e9bf18387e4196827b3b8217274, type: 2}
  m_IsPrefabParent: 0
--- !u!1001 &1062336355
Prefab:
  m_ObjectHideFlags: 0
  serializedVersion: 2
  m_Modification:
    m_TransformParent: {fileID: 610511080}
    m_Modifications:
    - target: {fileID: 4170373988287366, guid: 51704e9bf18387e4196827b3b8217274, type: 2}
      propertyPath: m_LocalPosition.x
      value: 2.8952289
      objectReference: {fileID: 0}
    - target: {fileID: 4170373988287366, guid: 51704e9bf18387e4196827b3b8217274, type: 2}
      propertyPath: m_LocalPosition.y
      value: -0.054165978
      objectReference: {fileID: 0}
    - target: {fileID: 4170373988287366, guid: 51704e9bf18387e4196827b3b8217274, type: 2}
      propertyPath: m_LocalPosition.z
      value: -4.7365413
      objectReference: {fileID: 0}
    - target: {fileID: 4170373988287366, guid: 51704e9bf18387e4196827b3b8217274, type: 2}
      propertyPath: m_LocalRotation.x
      value: -0
      objectReference: {fileID: 0}
    - target: {fileID: 4170373988287366, guid: 51704e9bf18387e4196827b3b8217274, type: 2}
      propertyPath: m_LocalRotation.y
      value: -0
      objectReference: {fileID: 0}
    - target: {fileID: 4170373988287366, guid: 51704e9bf18387e4196827b3b8217274, type: 2}
      propertyPath: m_LocalRotation.z
      value: -0
      objectReference: {fileID: 0}
    - target: {fileID: 4170373988287366, guid: 51704e9bf18387e4196827b3b8217274, type: 2}
      propertyPath: m_LocalRotation.w
      value: 1
      objectReference: {fileID: 0}
    - target: {fileID: 4170373988287366, guid: 51704e9bf18387e4196827b3b8217274, type: 2}
      propertyPath: m_RootOrder
      value: 2
      objectReference: {fileID: 0}
    - target: {fileID: 4170373988287366, guid: 51704e9bf18387e4196827b3b8217274, type: 2}
      propertyPath: m_LocalScale.x
      value: 0.9543812
      objectReference: {fileID: 0}
    - target: {fileID: 4170373988287366, guid: 51704e9bf18387e4196827b3b8217274, type: 2}
      propertyPath: m_LocalScale.y
      value: 0.95438135
      objectReference: {fileID: 0}
    - target: {fileID: 4170373988287366, guid: 51704e9bf18387e4196827b3b8217274, type: 2}
      propertyPath: m_LocalScale.z
      value: 0.95438135
      objectReference: {fileID: 0}
    - target: {fileID: 1836689436543388, guid: 51704e9bf18387e4196827b3b8217274, type: 2}
      propertyPath: m_Name
      value: PretendCover (2)
      objectReference: {fileID: 0}
    m_RemovedComponents: []
  m_ParentPrefab: {fileID: 100100000, guid: 51704e9bf18387e4196827b3b8217274, type: 2}
  m_IsPrefabParent: 0
--- !u!4 &1062336356 stripped
Transform:
  m_PrefabParentObject: {fileID: 4170373988287366, guid: 51704e9bf18387e4196827b3b8217274,
    type: 2}
  m_PrefabInternal: {fileID: 1062336355}
--- !u!1001 &1187851803
Prefab:
  m_ObjectHideFlags: 0
  serializedVersion: 2
  m_Modification:
    m_TransformParent: {fileID: 0}
    m_Modifications:
    - target: {fileID: 4835587554666544, guid: b95ad591f8349844a90e4a467bf47474, type: 2}
      propertyPath: m_LocalPosition.x
      value: 99.68
      objectReference: {fileID: 0}
    - target: {fileID: 4835587554666544, guid: b95ad591f8349844a90e4a467bf47474, type: 2}
      propertyPath: m_LocalPosition.y
      value: 1.31
      objectReference: {fileID: 0}
    - target: {fileID: 4835587554666544, guid: b95ad591f8349844a90e4a467bf47474, type: 2}
      propertyPath: m_LocalPosition.z
      value: 109.36
      objectReference: {fileID: 0}
    - target: {fileID: 4835587554666544, guid: b95ad591f8349844a90e4a467bf47474, type: 2}
      propertyPath: m_LocalRotation.x
      value: 0
      objectReference: {fileID: 0}
    - target: {fileID: 4835587554666544, guid: b95ad591f8349844a90e4a467bf47474, type: 2}
      propertyPath: m_LocalRotation.y
      value: 0
      objectReference: {fileID: 0}
    - target: {fileID: 4835587554666544, guid: b95ad591f8349844a90e4a467bf47474, type: 2}
      propertyPath: m_LocalRotation.z
      value: 0
      objectReference: {fileID: 0}
    - target: {fileID: 4835587554666544, guid: b95ad591f8349844a90e4a467bf47474, type: 2}
      propertyPath: m_LocalRotation.w
      value: 1
      objectReference: {fileID: 0}
    - target: {fileID: 4835587554666544, guid: b95ad591f8349844a90e4a467bf47474, type: 2}
      propertyPath: m_RootOrder
      value: 10
      objectReference: {fileID: 0}
    - target: {fileID: 1442566697406930, guid: b95ad591f8349844a90e4a467bf47474, type: 2}
      propertyPath: m_Name
      value: Enemy (5)
      objectReference: {fileID: 0}
    - target: {fileID: 114251408549922892, guid: b95ad591f8349844a90e4a467bf47474,
        type: 2}
      propertyPath: _MoveToCover
      value: 1
      objectReference: {fileID: 0}
    - target: {fileID: 114251408549922892, guid: b95ad591f8349844a90e4a467bf47474,
        type: 2}
      propertyPath: _DisFromCover
      value: 3.5
      objectReference: {fileID: 0}
    - target: {fileID: 114251408549922892, guid: b95ad591f8349844a90e4a467bf47474,
        type: 2}
      propertyPath: _MovementVelocity
      value: 6
      objectReference: {fileID: 0}
    - target: {fileID: 114251408549922892, guid: b95ad591f8349844a90e4a467bf47474,
        type: 2}
      propertyPath: _MovementEnabled
      value: 1
      objectReference: {fileID: 0}
    - target: {fileID: 114251408549922892, guid: b95ad591f8349844a90e4a467bf47474,
        type: 2}
      propertyPath: _MoveToNearestCover
      value: 0
      objectReference: {fileID: 0}
    - target: {fileID: 114251408549922892, guid: b95ad591f8349844a90e4a467bf47474,
        type: 2}
      propertyPath: _MoveToPlayer
      value: 1
      objectReference: {fileID: 0}
    - target: {fileID: 114251408549922892, guid: b95ad591f8349844a90e4a467bf47474,
        type: 2}
      propertyPath: _MovementBehaviour
      value: 1
      objectReference: {fileID: 0}
    - target: {fileID: 114351719514087036, guid: b95ad591f8349844a90e4a467bf47474,
        type: 2}
      propertyPath: _MovementBehaviour
      value: 2
      objectReference: {fileID: 0}
    - target: {fileID: 114351719514087036, guid: b95ad591f8349844a90e4a467bf47474,
        type: 2}
      propertyPath: _HideBehindCover
      value: 1
      objectReference: {fileID: 0}
    - target: {fileID: 114351719514087036, guid: b95ad591f8349844a90e4a467bf47474,
        type: 2}
      propertyPath: _CoverToMoveTo
      value: 
      objectReference: {fileID: 128147653}
    m_RemovedComponents: []
  m_ParentPrefab: {fileID: 100100000, guid: b95ad591f8349844a90e4a467bf47474, type: 2}
  m_IsPrefabParent: 0
--- !u!114 &1297798783 stripped
MonoBehaviour:
  m_PrefabParentObject: {fileID: 114029378553386774, guid: 51704e9bf18387e4196827b3b8217274,
    type: 2}
  m_PrefabInternal: {fileID: 981409783}
  m_Script: {fileID: 11500000, guid: 879e350fd9047584da43887b848addbf, type: 3}
--- !u!1 &1372811295
GameObject:
  m_ObjectHideFlags: 0
  m_PrefabParentObject: {fileID: 0}
  m_PrefabInternal: {fileID: 0}
  serializedVersion: 5
  m_Component:
  - component: {fileID: 1372811298}
  - component: {fileID: 1372811297}
  - component: {fileID: 1372811296}
  m_Layer: 0
  m_Name: PretendGround
  m_TagString: Untagged
  m_Icon: {fileID: 0}
  m_NavMeshLayer: 0
  m_StaticEditorFlags: 4294967295
  m_IsActive: 1
--- !u!154 &1372811296
TerrainCollider:
  m_ObjectHideFlags: 0
  m_PrefabParentObject: {fileID: 0}
  m_PrefabInternal: {fileID: 0}
  m_GameObject: {fileID: 1372811295}
  m_Material: {fileID: 0}
  m_Enabled: 1
  m_TerrainData: {fileID: 15600000, guid: e310d2928c9d65844b16cac23dd8feaa, type: 2}
  m_EnableTreeColliders: 1
--- !u!218 &1372811297
Terrain:
  m_ObjectHideFlags: 0
  m_PrefabParentObject: {fileID: 0}
  m_PrefabInternal: {fileID: 0}
  m_GameObject: {fileID: 1372811295}
  m_Enabled: 1
  serializedVersion: 3
  m_TerrainData: {fileID: 15600000, guid: e310d2928c9d65844b16cac23dd8feaa, type: 2}
  m_TreeDistance: 2000
  m_TreeBillboardDistance: 50
  m_TreeCrossFadeLength: 5
  m_TreeMaximumFullLODCount: 50
  m_DetailObjectDistance: 80
  m_DetailObjectDensity: 1
  m_HeightmapPixelError: 5
  m_SplatMapDistance: 1000
  m_HeightmapMaximumLOD: 0
  m_CastShadows: 1
  m_DrawHeightmap: 1
  m_DrawTreesAndFoliage: 1
  m_ReflectionProbeUsage: 1
  m_MaterialType: 0
  m_LegacySpecular:
    serializedVersion: 2
    rgba: 4286545791
  m_LegacyShininess: 0.078125
  m_MaterialTemplate: {fileID: 0}
  m_BakeLightProbesForTrees: 1
  m_ScaleInLightmap: 0.1024
  m_LightmapParameters: {fileID: 15203, guid: 0000000000000000f000000000000000, type: 0}
--- !u!4 &1372811298
Transform:
  m_ObjectHideFlags: 0
  m_PrefabParentObject: {fileID: 0}
  m_PrefabInternal: {fileID: 0}
  m_GameObject: {fileID: 1372811295}
  m_LocalRotation: {x: 0, y: 0, z: 0, w: 1}
  m_LocalPosition: {x: 0, y: 0, z: 0}
  m_LocalScale: {x: 1, y: 1, z: 1}
  m_Children: []
  m_Father: {fileID: 0}
  m_RootOrder: 7
  m_LocalEulerAnglesHint: {x: 0, y: 0, z: 0}
--- !u!1 &1465850725
GameObject:
  m_ObjectHideFlags: 0
  m_PrefabParentObject: {fileID: 0}
  m_PrefabInternal: {fileID: 0}
  serializedVersion: 5
  m_Component:
  - component: {fileID: 1465850726}
  m_Layer: 0
  m_Name: ObjectsInRoom (1)
  m_TagString: Untagged
  m_Icon: {fileID: 0}
  m_NavMeshLayer: 0
  m_StaticEditorFlags: 0
  m_IsActive: 1
--- !u!4 &1465850726
Transform:
  m_ObjectHideFlags: 0
  m_PrefabParentObject: {fileID: 0}
  m_PrefabInternal: {fileID: 0}
  m_GameObject: {fileID: 1465850725}
  m_LocalRotation: {x: -0, y: -0, z: -0, w: 1}
  m_LocalPosition: {x: 26.54, y: -11.86, z: 0.01}
  m_LocalScale: {x: 2.0956, y: 2.0956, z: 2.0956}
  m_Children:
  - {fileID: 128147652}
  - {fileID: 185770490}
  - {fileID: 899073712}
  - {fileID: 2002054934}
  - {fileID: 130145756}
  m_Father: {fileID: 201188569}
  m_RootOrder: 8
  m_LocalEulerAnglesHint: {x: 0, y: 0, z: 0}
--- !u!1001 &1565149077
Prefab:
  m_ObjectHideFlags: 0
  serializedVersion: 2
  m_Modification:
    m_TransformParent: {fileID: 0}
    m_Modifications:
    - target: {fileID: 4761383218174302, guid: 7147e6cf30af753469f86fac95f662ff, type: 2}
      propertyPath: m_LocalPosition.x
      value: 97.02
      objectReference: {fileID: 0}
    - target: {fileID: 4761383218174302, guid: 7147e6cf30af753469f86fac95f662ff, type: 2}
      propertyPath: m_LocalPosition.y
      value: 1.025
      objectReference: {fileID: 0}
    - target: {fileID: 4761383218174302, guid: 7147e6cf30af753469f86fac95f662ff, type: 2}
      propertyPath: m_LocalPosition.z
      value: 100.847
      objectReference: {fileID: 0}
    - target: {fileID: 4761383218174302, guid: 7147e6cf30af753469f86fac95f662ff, type: 2}
      propertyPath: m_LocalRotation.x
      value: 0
      objectReference: {fileID: 0}
    - target: {fileID: 4761383218174302, guid: 7147e6cf30af753469f86fac95f662ff, type: 2}
      propertyPath: m_LocalRotation.y
      value: 0
      objectReference: {fileID: 0}
    - target: {fileID: 4761383218174302, guid: 7147e6cf30af753469f86fac95f662ff, type: 2}
      propertyPath: m_LocalRotation.z
      value: 0
      objectReference: {fileID: 0}
    - target: {fileID: 4761383218174302, guid: 7147e6cf30af753469f86fac95f662ff, type: 2}
      propertyPath: m_LocalRotation.w
      value: 1
      objectReference: {fileID: 0}
    - target: {fileID: 4761383218174302, guid: 7147e6cf30af753469f86fac95f662ff, type: 2}
      propertyPath: m_RootOrder
      value: 1
      objectReference: {fileID: 0}
    m_RemovedComponents: []
  m_ParentPrefab: {fileID: 100100000, guid: 7147e6cf30af753469f86fac95f662ff, type: 2}
  m_IsPrefabParent: 0
--- !u!1001 &1575968970
Prefab:
  m_ObjectHideFlags: 0
  serializedVersion: 2
  m_Modification:
    m_TransformParent: {fileID: 610511080}
    m_Modifications:
    - target: {fileID: 4170373988287366, guid: 51704e9bf18387e4196827b3b8217274, type: 2}
      propertyPath: m_LocalPosition.x
      value: -0.725
      objectReference: {fileID: 0}
    - target: {fileID: 4170373988287366, guid: 51704e9bf18387e4196827b3b8217274, type: 2}
      propertyPath: m_LocalPosition.y
      value: -0.054165978
      objectReference: {fileID: 0}
    - target: {fileID: 4170373988287366, guid: 51704e9bf18387e4196827b3b8217274, type: 2}
      propertyPath: m_LocalPosition.z
      value: -4.7365413
      objectReference: {fileID: 0}
    - target: {fileID: 4170373988287366, guid: 51704e9bf18387e4196827b3b8217274, type: 2}
      propertyPath: m_LocalRotation.x
      value: -0
      objectReference: {fileID: 0}
    - target: {fileID: 4170373988287366, guid: 51704e9bf18387e4196827b3b8217274, type: 2}
      propertyPath: m_LocalRotation.y
      value: -0
      objectReference: {fileID: 0}
    - target: {fileID: 4170373988287366, guid: 51704e9bf18387e4196827b3b8217274, type: 2}
      propertyPath: m_LocalRotation.z
      value: -0
      objectReference: {fileID: 0}
    - target: {fileID: 4170373988287366, guid: 51704e9bf18387e4196827b3b8217274, type: 2}
      propertyPath: m_LocalRotation.w
      value: 1
      objectReference: {fileID: 0}
    - target: {fileID: 4170373988287366, guid: 51704e9bf18387e4196827b3b8217274, type: 2}
      propertyPath: m_RootOrder
      value: 1
      objectReference: {fileID: 0}
    - target: {fileID: 4170373988287366, guid: 51704e9bf18387e4196827b3b8217274, type: 2}
      propertyPath: m_LocalScale.x
      value: 0.9543812
      objectReference: {fileID: 0}
    - target: {fileID: 4170373988287366, guid: 51704e9bf18387e4196827b3b8217274, type: 2}
      propertyPath: m_LocalScale.y
      value: 0.95438135
      objectReference: {fileID: 0}
    - target: {fileID: 4170373988287366, guid: 51704e9bf18387e4196827b3b8217274, type: 2}
      propertyPath: m_LocalScale.z
      value: 0.95438135
      objectReference: {fileID: 0}
    - target: {fileID: 1836689436543388, guid: 51704e9bf18387e4196827b3b8217274, type: 2}
      propertyPath: m_Name
      value: PretendCover (1)
      objectReference: {fileID: 0}
    m_RemovedComponents: []
  m_ParentPrefab: {fileID: 100100000, guid: 51704e9bf18387e4196827b3b8217274, type: 2}
  m_IsPrefabParent: 0
--- !u!4 &1575968971 stripped
Transform:
  m_PrefabParentObject: {fileID: 4170373988287366, guid: 51704e9bf18387e4196827b3b8217274,
    type: 2}
  m_PrefabInternal: {fileID: 1575968970}
--- !u!114 &1663104251 stripped
MonoBehaviour:
  m_PrefabParentObject: {fileID: 114029378553386774, guid: 51704e9bf18387e4196827b3b8217274,
    type: 2}
  m_PrefabInternal: {fileID: 699040352}
  m_Script: {fileID: 11500000, guid: 879e350fd9047584da43887b848addbf, type: 3}
--- !u!1 &1728184223
GameObject:
  m_ObjectHideFlags: 0
  m_PrefabParentObject: {fileID: 0}
  m_PrefabInternal: {fileID: 0}
  serializedVersion: 5
  m_Component:
  - component: {fileID: 1728184227}
  - component: {fileID: 1728184226}
  - component: {fileID: 1728184225}
  - component: {fileID: 1728184224}
  - component: {fileID: 1728184228}
  m_Layer: 0
  m_Name: Cube (1)
  m_TagString: Untagged
  m_Icon: {fileID: 0}
  m_NavMeshLayer: 0
  m_StaticEditorFlags: 0
  m_IsActive: 1
--- !u!65 &1728184224
BoxCollider:
  m_ObjectHideFlags: 0
  m_PrefabParentObject: {fileID: 0}
  m_PrefabInternal: {fileID: 0}
  m_GameObject: {fileID: 1728184223}
  m_Material: {fileID: 0}
  m_IsTrigger: 0
  m_Enabled: 1
  serializedVersion: 2
  m_Size: {x: 1, y: 1, z: 1}
  m_Center: {x: 0, y: 0, z: 0}
--- !u!23 &1728184225
MeshRenderer:
  m_ObjectHideFlags: 0
  m_PrefabParentObject: {fileID: 0}
  m_PrefabInternal: {fileID: 0}
  m_GameObject: {fileID: 1728184223}
  m_Enabled: 1
  m_CastShadows: 1
  m_ReceiveShadows: 1
  m_DynamicOccludee: 1
  m_MotionVectors: 1
  m_LightProbeUsage: 1
  m_ReflectionProbeUsage: 1
  m_RenderingLayerMask: 4294967295
  m_Materials:
  - {fileID: 10303, guid: 0000000000000000f000000000000000, type: 0}
  m_StaticBatchInfo:
    firstSubMesh: 0
    subMeshCount: 0
  m_StaticBatchRoot: {fileID: 0}
  m_ProbeAnchor: {fileID: 0}
  m_LightProbeVolumeOverride: {fileID: 0}
  m_ScaleInLightmap: 1
  m_PreserveUVs: 0
  m_IgnoreNormalsForChartDetection: 0
  m_ImportantGI: 0
  m_StitchLightmapSeams: 0
  m_SelectedEditorRenderState: 3
  m_MinimumChartSize: 4
  m_AutoUVMaxDistance: 0.5
  m_AutoUVMaxAngle: 89
  m_LightmapParameters: {fileID: 0}
  m_SortingLayerID: 0
  m_SortingLayer: 0
  m_SortingOrder: 0
--- !u!33 &1728184226
MeshFilter:
  m_ObjectHideFlags: 0
  m_PrefabParentObject: {fileID: 0}
  m_PrefabInternal: {fileID: 0}
  m_GameObject: {fileID: 1728184223}
  m_Mesh: {fileID: 10202, guid: 0000000000000000e000000000000000, type: 0}
--- !u!4 &1728184227
Transform:
  m_ObjectHideFlags: 0
  m_PrefabParentObject: {fileID: 0}
  m_PrefabInternal: {fileID: 0}
  m_GameObject: {fileID: 1728184223}
  m_LocalRotation: {x: -0, y: -0, z: -0, w: 1}
  m_LocalPosition: {x: 12.5791855, y: -10.9296665, z: -20.25}
  m_LocalScale: {x: 1, y: 5.069941, z: 16.745792}
  m_Children: []
  m_Father: {fileID: 201188569}
  m_RootOrder: 1
  m_LocalEulerAnglesHint: {x: 0, y: 0, z: 0}
--- !u!114 &1728184228
MonoBehaviour:
  m_ObjectHideFlags: 0
  m_PrefabParentObject: {fileID: 0}
  m_PrefabInternal: {fileID: 0}
  m_GameObject: {fileID: 1728184223}
  m_Enabled: 1
  m_EditorHideFlags: 0
  m_Script: {fileID: 11500000, guid: 879e350fd9047584da43887b848addbf, type: 3}
  m_Name: 
  m_EditorClassIdentifier: 
--- !u!1001 &1778324836
Prefab:
  m_ObjectHideFlags: 0
  serializedVersion: 2
  m_Modification:
    m_TransformParent: {fileID: 0}
    m_Modifications:
    - target: {fileID: 4835587554666544, guid: b95ad591f8349844a90e4a467bf47474, type: 2}
      propertyPath: m_LocalPosition.x
      value: 89.7
      objectReference: {fileID: 0}
    - target: {fileID: 4835587554666544, guid: b95ad591f8349844a90e4a467bf47474, type: 2}
      propertyPath: m_LocalPosition.y
      value: 1.2
      objectReference: {fileID: 0}
    - target: {fileID: 4835587554666544, guid: b95ad591f8349844a90e4a467bf47474, type: 2}
      propertyPath: m_LocalPosition.z
      value: 132.48
      objectReference: {fileID: 0}
    - target: {fileID: 4835587554666544, guid: b95ad591f8349844a90e4a467bf47474, type: 2}
      propertyPath: m_LocalRotation.x
      value: 0
      objectReference: {fileID: 0}
    - target: {fileID: 4835587554666544, guid: b95ad591f8349844a90e4a467bf47474, type: 2}
      propertyPath: m_LocalRotation.y
      value: 0
      objectReference: {fileID: 0}
    - target: {fileID: 4835587554666544, guid: b95ad591f8349844a90e4a467bf47474, type: 2}
      propertyPath: m_LocalRotation.z
      value: 0
      objectReference: {fileID: 0}
    - target: {fileID: 4835587554666544, guid: b95ad591f8349844a90e4a467bf47474, type: 2}
      propertyPath: m_LocalRotation.w
      value: 1
      objectReference: {fileID: 0}
    - target: {fileID: 4835587554666544, guid: b95ad591f8349844a90e4a467bf47474, type: 2}
      propertyPath: m_RootOrder
      value: 4
      objectReference: {fileID: 0}
    - target: {fileID: 1442566697406930, guid: b95ad591f8349844a90e4a467bf47474, type: 2}
      propertyPath: m_Name
      value: Enemy (1)
      objectReference: {fileID: 0}
    - target: {fileID: 114251408549922892, guid: b95ad591f8349844a90e4a467bf47474,
        type: 2}
      propertyPath: _MovementVelocity
      value: 6
      objectReference: {fileID: 0}
    - target: {fileID: 114251408549922892, guid: b95ad591f8349844a90e4a467bf47474,
        type: 2}
      propertyPath: _MovementBehaviour
      value: 1
      objectReference: {fileID: 0}
    - target: {fileID: 114351719514087036, guid: b95ad591f8349844a90e4a467bf47474,
        type: 2}
      propertyPath: _CoverToMoveTo
      value: 
      objectReference: {fileID: 1297798783}
    - target: {fileID: 114351719514087036, guid: b95ad591f8349844a90e4a467bf47474,
        type: 2}
      propertyPath: _MovementBehaviour
      value: 2
      objectReference: {fileID: 0}
    m_RemovedComponents: []
  m_ParentPrefab: {fileID: 100100000, guid: b95ad591f8349844a90e4a467bf47474, type: 2}
  m_IsPrefabParent: 0
--- !u!1001 &1877672508
Prefab:
  m_ObjectHideFlags: 0
  serializedVersion: 2
  m_Modification:
    m_TransformParent: {fileID: 0}
    m_Modifications:
    - target: {fileID: 4835587554666544, guid: b95ad591f8349844a90e4a467bf47474, type: 2}
      propertyPath: m_LocalPosition.x
      value: 61.891205
      objectReference: {fileID: 0}
    - target: {fileID: 4835587554666544, guid: b95ad591f8349844a90e4a467bf47474, type: 2}
      propertyPath: m_LocalPosition.y
      value: 1.28
      objectReference: {fileID: 0}
    - target: {fileID: 4835587554666544, guid: b95ad591f8349844a90e4a467bf47474, type: 2}
      propertyPath: m_LocalPosition.z
      value: 120.12028
      objectReference: {fileID: 0}
    - target: {fileID: 4835587554666544, guid: b95ad591f8349844a90e4a467bf47474, type: 2}
      propertyPath: m_LocalRotation.x
      value: 0
      objectReference: {fileID: 0}
    - target: {fileID: 4835587554666544, guid: b95ad591f8349844a90e4a467bf47474, type: 2}
      propertyPath: m_LocalRotation.y
      value: 0
      objectReference: {fileID: 0}
    - target: {fileID: 4835587554666544, guid: b95ad591f8349844a90e4a467bf47474, type: 2}
      propertyPath: m_LocalRotation.z
      value: 0
      objectReference: {fileID: 0}
    - target: {fileID: 4835587554666544, guid: b95ad591f8349844a90e4a467bf47474, type: 2}
      propertyPath: m_LocalRotation.w
      value: 1
      objectReference: {fileID: 0}
    - target: {fileID: 4835587554666544, guid: b95ad591f8349844a90e4a467bf47474, type: 2}
      propertyPath: m_RootOrder
      value: 2
      objectReference: {fileID: 0}
    - target: {fileID: 1442566697406930, guid: b95ad591f8349844a90e4a467bf47474, type: 2}
      propertyPath: m_Name
      value: Enemy (3)
      objectReference: {fileID: 0}
    - target: {fileID: 114251408549922892, guid: b95ad591f8349844a90e4a467bf47474,
        type: 2}
      propertyPath: _MovementVelocity
      value: 6
      objectReference: {fileID: 0}
    m_RemovedComponents: []
  m_ParentPrefab: {fileID: 100100000, guid: b95ad591f8349844a90e4a467bf47474, type: 2}
  m_IsPrefabParent: 0
--- !u!1001 &1923383569
Prefab:
  m_ObjectHideFlags: 0
  serializedVersion: 2
  m_Modification:
    m_TransformParent: {fileID: 610511080}
    m_Modifications:
    - target: {fileID: 4170373988287366, guid: 51704e9bf18387e4196827b3b8217274, type: 2}
      propertyPath: m_LocalPosition.x
      value: -1.91
      objectReference: {fileID: 0}
    - target: {fileID: 4170373988287366, guid: 51704e9bf18387e4196827b3b8217274, type: 2}
      propertyPath: m_LocalPosition.y
      value: -0.054165978
      objectReference: {fileID: 0}
    - target: {fileID: 4170373988287366, guid: 51704e9bf18387e4196827b3b8217274, type: 2}
      propertyPath: m_LocalPosition.z
      value: -0.57
      objectReference: {fileID: 0}
    - target: {fileID: 4170373988287366, guid: 51704e9bf18387e4196827b3b8217274, type: 2}
      propertyPath: m_LocalRotation.x
      value: -0
      objectReference: {fileID: 0}
    - target: {fileID: 4170373988287366, guid: 51704e9bf18387e4196827b3b8217274, type: 2}
      propertyPath: m_LocalRotation.y
      value: -0
      objectReference: {fileID: 0}
    - target: {fileID: 4170373988287366, guid: 51704e9bf18387e4196827b3b8217274, type: 2}
      propertyPath: m_LocalRotation.z
      value: -0
      objectReference: {fileID: 0}
    - target: {fileID: 4170373988287366, guid: 51704e9bf18387e4196827b3b8217274, type: 2}
      propertyPath: m_LocalRotation.w
      value: 1
      objectReference: {fileID: 0}
    - target: {fileID: 4170373988287366, guid: 51704e9bf18387e4196827b3b8217274, type: 2}
      propertyPath: m_RootOrder
      value: 3
      objectReference: {fileID: 0}
    - target: {fileID: 4170373988287366, guid: 51704e9bf18387e4196827b3b8217274, type: 2}
      propertyPath: m_LocalScale.x
      value: 0.9543812
      objectReference: {fileID: 0}
    - target: {fileID: 4170373988287366, guid: 51704e9bf18387e4196827b3b8217274, type: 2}
      propertyPath: m_LocalScale.y
      value: 0.95438135
      objectReference: {fileID: 0}
    - target: {fileID: 4170373988287366, guid: 51704e9bf18387e4196827b3b8217274, type: 2}
      propertyPath: m_LocalScale.z
      value: 0.95438135
      objectReference: {fileID: 0}
    - target: {fileID: 1836689436543388, guid: 51704e9bf18387e4196827b3b8217274, type: 2}
      propertyPath: m_Name
      value: PretendCover (3)
      objectReference: {fileID: 0}
    m_RemovedComponents: []
  m_ParentPrefab: {fileID: 100100000, guid: 51704e9bf18387e4196827b3b8217274, type: 2}
  m_IsPrefabParent: 0
--- !u!4 &1923383570 stripped
Transform:
  m_PrefabParentObject: {fileID: 4170373988287366, guid: 51704e9bf18387e4196827b3b8217274,
    type: 2}
  m_PrefabInternal: {fileID: 1923383569}
--- !u!1 &1937078521
GameObject:
  m_ObjectHideFlags: 0
  m_PrefabParentObject: {fileID: 0}
  m_PrefabInternal: {fileID: 0}
  serializedVersion: 5
  m_Component:
  - component: {fileID: 1937078525}
  - component: {fileID: 1937078524}
  - component: {fileID: 1937078523}
  - component: {fileID: 1937078522}
  - component: {fileID: 1937078526}
  m_Layer: 0
  m_Name: Cube
  m_TagString: Untagged
  m_Icon: {fileID: 0}
  m_NavMeshLayer: 0
  m_StaticEditorFlags: 0
  m_IsActive: 1
--- !u!65 &1937078522
BoxCollider:
  m_ObjectHideFlags: 0
  m_PrefabParentObject: {fileID: 0}
  m_PrefabInternal: {fileID: 0}
  m_GameObject: {fileID: 1937078521}
  m_Material: {fileID: 0}
  m_IsTrigger: 0
  m_Enabled: 1
  serializedVersion: 2
  m_Size: {x: 1, y: 1, z: 1}
  m_Center: {x: 0, y: 0, z: 0}
--- !u!23 &1937078523
MeshRenderer:
  m_ObjectHideFlags: 0
  m_PrefabParentObject: {fileID: 0}
  m_PrefabInternal: {fileID: 0}
  m_GameObject: {fileID: 1937078521}
  m_Enabled: 1
  m_CastShadows: 1
  m_ReceiveShadows: 1
  m_DynamicOccludee: 1
  m_MotionVectors: 1
  m_LightProbeUsage: 1
  m_ReflectionProbeUsage: 1
  m_RenderingLayerMask: 4294967295
  m_Materials:
  - {fileID: 10303, guid: 0000000000000000f000000000000000, type: 0}
  m_StaticBatchInfo:
    firstSubMesh: 0
    subMeshCount: 0
  m_StaticBatchRoot: {fileID: 0}
  m_ProbeAnchor: {fileID: 0}
  m_LightProbeVolumeOverride: {fileID: 0}
  m_ScaleInLightmap: 1
  m_PreserveUVs: 0
  m_IgnoreNormalsForChartDetection: 0
  m_ImportantGI: 0
  m_StitchLightmapSeams: 0
  m_SelectedEditorRenderState: 3
  m_MinimumChartSize: 4
  m_AutoUVMaxDistance: 0.5
  m_AutoUVMaxAngle: 89
  m_LightmapParameters: {fileID: 0}
  m_SortingLayerID: 0
  m_SortingLayer: 0
  m_SortingOrder: 0
--- !u!33 &1937078524
MeshFilter:
  m_ObjectHideFlags: 0
  m_PrefabParentObject: {fileID: 0}
  m_PrefabInternal: {fileID: 0}
  m_GameObject: {fileID: 1937078521}
  m_Mesh: {fileID: 10202, guid: 0000000000000000e000000000000000, type: 0}
--- !u!4 &1937078525
Transform:
  m_ObjectHideFlags: 0
  m_PrefabParentObject: {fileID: 0}
  m_PrefabInternal: {fileID: 0}
  m_GameObject: {fileID: 1937078521}
  m_LocalRotation: {x: -0, y: -0, z: -0, w: 1}
  m_LocalPosition: {x: -13.881126, y: -10.9296665, z: -25.02317}
  m_LocalScale: {x: 1, y: 5.069941, z: 26.409967}
  m_Children: []
  m_Father: {fileID: 201188569}
  m_RootOrder: 0
  m_LocalEulerAnglesHint: {x: 0, y: 0, z: 0}
--- !u!114 &1937078526
MonoBehaviour:
  m_ObjectHideFlags: 0
  m_PrefabParentObject: {fileID: 0}
  m_PrefabInternal: {fileID: 0}
  m_GameObject: {fileID: 1937078521}
  m_Enabled: 1
  m_EditorHideFlags: 0
  m_Script: {fileID: 11500000, guid: 879e350fd9047584da43887b848addbf, type: 3}
  m_Name: 
  m_EditorClassIdentifier: 
--- !u!1 &1980449209
GameObject:
  m_ObjectHideFlags: 0
  m_PrefabParentObject: {fileID: 0}
  m_PrefabInternal: {fileID: 0}
  serializedVersion: 5
  m_Component:
  - component: {fileID: 1980449213}
  - component: {fileID: 1980449212}
  - component: {fileID: 1980449211}
  - component: {fileID: 1980449210}
  - component: {fileID: 1980449214}
  m_Layer: 0
  m_Name: Cube (2)
  m_TagString: Untagged
  m_Icon: {fileID: 0}
  m_NavMeshLayer: 0
  m_StaticEditorFlags: 0
  m_IsActive: 1
--- !u!65 &1980449210
BoxCollider:
  m_ObjectHideFlags: 0
  m_PrefabParentObject: {fileID: 0}
  m_PrefabInternal: {fileID: 0}
  m_GameObject: {fileID: 1980449209}
  m_Material: {fileID: 0}
  m_IsTrigger: 0
  m_Enabled: 1
  serializedVersion: 2
  m_Size: {x: 1, y: 1, z: 1}
  m_Center: {x: 0, y: 0, z: 0}
--- !u!23 &1980449211
MeshRenderer:
  m_ObjectHideFlags: 0
  m_PrefabParentObject: {fileID: 0}
  m_PrefabInternal: {fileID: 0}
  m_GameObject: {fileID: 1980449209}
  m_Enabled: 1
  m_CastShadows: 1
  m_ReceiveShadows: 1
  m_DynamicOccludee: 1
  m_MotionVectors: 1
  m_LightProbeUsage: 1
  m_ReflectionProbeUsage: 1
  m_RenderingLayerMask: 4294967295
  m_Materials:
  - {fileID: 10303, guid: 0000000000000000f000000000000000, type: 0}
  m_StaticBatchInfo:
    firstSubMesh: 0
    subMeshCount: 0
  m_StaticBatchRoot: {fileID: 0}
  m_ProbeAnchor: {fileID: 0}
  m_LightProbeVolumeOverride: {fileID: 0}
  m_ScaleInLightmap: 1
  m_PreserveUVs: 0
  m_IgnoreNormalsForChartDetection: 0
  m_ImportantGI: 0
  m_StitchLightmapSeams: 0
  m_SelectedEditorRenderState: 3
  m_MinimumChartSize: 4
  m_AutoUVMaxDistance: 0.5
  m_AutoUVMaxAngle: 89
  m_LightmapParameters: {fileID: 0}
  m_SortingLayerID: 0
  m_SortingLayer: 0
  m_SortingOrder: 0
--- !u!33 &1980449212
MeshFilter:
  m_ObjectHideFlags: 0
  m_PrefabParentObject: {fileID: 0}
  m_PrefabInternal: {fileID: 0}
  m_GameObject: {fileID: 1980449209}
  m_Mesh: {fileID: 10202, guid: 0000000000000000e000000000000000, type: 0}
--- !u!4 &1980449213
Transform:
  m_ObjectHideFlags: 0
  m_PrefabParentObject: {fileID: 0}
  m_PrefabInternal: {fileID: 0}
  m_GameObject: {fileID: 1980449209}
  m_LocalRotation: {x: -0, y: 0.7071068, z: -0, w: 0.7071068}
  m_LocalPosition: {x: -9.69, y: -10.9296665, z: -38.8099}
  m_LocalScale: {x: 1, y: 5.069941, z: 8.242303}
  m_Children: []
  m_Father: {fileID: 201188569}
  m_RootOrder: 2
  m_LocalEulerAnglesHint: {x: 0, y: 90, z: 0}
--- !u!114 &1980449214
MonoBehaviour:
  m_ObjectHideFlags: 0
  m_PrefabParentObject: {fileID: 0}
  m_PrefabInternal: {fileID: 0}
  m_GameObject: {fileID: 1980449209}
  m_Enabled: 1
  m_EditorHideFlags: 0
  m_Script: {fileID: 11500000, guid: 879e350fd9047584da43887b848addbf, type: 3}
  m_Name: 
  m_EditorClassIdentifier: 
--- !u!4 &2002054934 stripped
Transform:
  m_PrefabParentObject: {fileID: 4170373988287366, guid: 51704e9bf18387e4196827b3b8217274,
    type: 2}
  m_PrefabInternal: {fileID: 699040352}
--- !u!1001 &2085803281
Prefab:
  m_ObjectHideFlags: 0
  serializedVersion: 2
  m_Modification:
    m_TransformParent: {fileID: 0}
    m_Modifications:
    - target: {fileID: 4404560819894204, guid: 8a7481b3ea51e834bbcc0fb6da73f2a6, type: 2}
      propertyPath: m_LocalPosition.x
      value: 64.96664
      objectReference: {fileID: 0}
    - target: {fileID: 4404560819894204, guid: 8a7481b3ea51e834bbcc0fb6da73f2a6, type: 2}
      propertyPath: m_LocalPosition.y
      value: 0.85326433
      objectReference: {fileID: 0}
    - target: {fileID: 4404560819894204, guid: 8a7481b3ea51e834bbcc0fb6da73f2a6, type: 2}
      propertyPath: m_LocalPosition.z
      value: 59.357166
      objectReference: {fileID: 0}
    - target: {fileID: 4404560819894204, guid: 8a7481b3ea51e834bbcc0fb6da73f2a6, type: 2}
      propertyPath: m_LocalRotation.x
      value: 0
      objectReference: {fileID: 0}
    - target: {fileID: 4404560819894204, guid: 8a7481b3ea51e834bbcc0fb6da73f2a6, type: 2}
      propertyPath: m_LocalRotation.y
      value: 0
      objectReference: {fileID: 0}
    - target: {fileID: 4404560819894204, guid: 8a7481b3ea51e834bbcc0fb6da73f2a6, type: 2}
      propertyPath: m_LocalRotation.z
      value: 0
      objectReference: {fileID: 0}
    - target: {fileID: 4404560819894204, guid: 8a7481b3ea51e834bbcc0fb6da73f2a6, type: 2}
      propertyPath: m_LocalRotation.w
      value: 1
      objectReference: {fileID: 0}
    - target: {fileID: 4404560819894204, guid: 8a7481b3ea51e834bbcc0fb6da73f2a6, type: 2}
      propertyPath: m_RootOrder
      value: 6
      objectReference: {fileID: 0}
    m_RemovedComponents: []
  m_ParentPrefab: {fileID: 100100000, guid: 8a7481b3ea51e834bbcc0fb6da73f2a6, type: 2}
  m_IsPrefabParent: 0
